<?xml version="1.0" encoding="UTF-8"?><collection xmlns="http://www.loc.gov/MARC21/slim"><record><leader>00332nam--2200121-i-4500</leader><controlfield tag="001">000029052</controlfield><controlfield tag="002">20161230</controlfield><controlfield tag="005">20161230201037</controlfield><controlfield tag="008">060222s1000------------r-----000-0-eng-d</controlfield><datafield ind1=" " ind2=" " tag="100"><subfield code="a">Levi-civita, Tullio</subfield></datafield><datafield ind1=" " ind2=" " tag="245"><subfield code="a">Le probleme des n corps en relativite generale. fasc.cxvi</subfield></datafield><datafield ind1=" " ind2=" " tag="260"><subfield code="a">Paris, Gauthier-vilars, 1950, 111p</subfield></datafield><datafield ind1=" " ind2=" " tag="852"><subfield code="a">10203</subfield></datafield></record></collection>